<collection xmlns="http://www.loc.gov/MARC21/slim">
<record>
  <leader>01543nam0a22002771i 450 </leader>
  <controlfield tag="001">IT\ICCU\CNCE\038007</controlfield>
  <controlfield tag="005">19991102000000.0</controlfield>
  <datafield tag="012" ind1=" " ind2=" ">
    <subfield code="a">3.on faui I.ua guqu (3) 1527 (R)</subfield>
    <subfield code="2">fei</subfield>
  </datafield>
  <datafield tag="100" ind1=" " ind2=" ">
    <subfield code="a">19981026d1527        0itac0103    ba</subfield>
  </datafield>
  <datafield tag="101" ind1=" " ind2=" ">
    <subfield code="a">ITA</subfield>
  </datafield>
  <datafield tag="102" ind1=" " ind2=" ">
    <subfield code="a">IT</subfield>
  </datafield>
  <datafield tag="200" ind1="1" ind2=" ">
    <subfield code="a">Vallo libro continente appertenentie ad capitanii, retenere et fortificare una citta con bastioni, con noui artificii de fuoco aggionti, come nella tabola appare, et de diuerse sorte poluere, et de expugnare una citta con ponti, scale, argani, trombe, trenciere, artegliarie, caue, dare auisamenti senza messo allo amico, fare ordinanze, battaglioni, et ponti de disfida con lo pingere, opera molto utile con la experientia de larte militare</subfield>
  </datafield>
  <datafield tag="210" ind1=" " ind2=" ">
    <subfield code="e">Stampata in Venetia</subfield>
    <subfield code="g">per Piero de Rauani</subfield>
    <subfield code="h">1527</subfield>
  </datafield>
  <datafield tag="215" ind1=" " ind2=" ">
    <subfield code="a">\8!, 71, \1! c.</subfield>
    <subfield code="c">ill.</subfield>
    <subfield code="d">8ʻ</subfield>
  </datafield>
  <datafield tag="300" ind1=" " ind2=" ">
    <subfield code="a">E&apos; LA 16581</subfield>
  </datafield>
  <datafield tag="620" ind1=" " ind2=" ">
    <subfield code="a">IT</subfield>
    <subfield code="d">Venezia</subfield>
  </datafield>
  <datafield tag="700" ind1=" " ind2="1">
    <subfield code="a">Della_Valle,</subfield>
    <subfield code="b">Battista</subfield>
    <subfield code="3">IT\ICCU\CNCA\004725</subfield>
  </datafield>
  <datafield tag="712" ind1="0" ind2="0">
    <subfield code="a">Ravani, Pietro</subfield>
    <subfield code="3">IT\ICCU\CNCT\000374</subfield>
    <subfield code="4">650</subfield>
  </datafield>
  <datafield tag="790" ind1=" " ind2="1">
    <subfield code="a">Valle,</subfield>
    <subfield code="b">Battista : della</subfield>
    <subfield code="3">IT\ICCU\CNCA\015919</subfield>
    <subfield code="z">Della_Valle, Battista</subfield>
  </datafield>
  <datafield tag="790" ind1=" " ind2="1">
    <subfield code="a">Della_Valle,</subfield>
    <subfield code="b">Giovanni Battista</subfield>
    <subfield code="3">IT\ICCU\CNCA\022140</subfield>
    <subfield code="z">Della_Valle, Battista</subfield>
  </datafield>
  <datafield tag="790" ind1=" " ind2="1">
    <subfield code="a">Valle,</subfield>
    <subfield code="b">Giovanni Battista : della</subfield>
    <subfield code="3">IT\ICCU\CNCA\025927</subfield>
    <subfield code="z">Della_Valle, Battista</subfield>
  </datafield>
  <datafield tag="791" ind1="0" ind2="0">
    <subfield code="a">Rabanus, Petrus</subfield>
    <subfield code="3">IT\ICCU\CNCT\002542</subfield>
    <subfield code="z">Ravani, Pietro</subfield>
  </datafield>
  <datafield tag="791" ind1="0" ind2="0">
    <subfield code="a">Ravanis, Petrus de</subfield>
    <subfield code="3">IT\ICCU\CNCT\005311</subfield>
    <subfield code="z">Ravani, Pietro</subfield>
  </datafield>
  <datafield tag="791" ind1="0" ind2="0">
    <subfield code="a">Ravannis, Petrus</subfield>
    <subfield code="3">IT\ICCU\CNCT\005312</subfield>
    <subfield code="z">Ravani, Pietro</subfield>
  </datafield>
  <datafield tag="801" ind1=" " ind2="3">
    <subfield code="a">IT</subfield>
    <subfield code="b">ICCU</subfield>
    <subfield code="c">20201114</subfield>
  </datafield>
  <datafield tag="899" ind1=" " ind2=" ">
    <subfield code="a">Biblioteca Reale. Torino</subfield>
    <subfield code="1">TO0263</subfield>
    <subfield code="2">TO0 07</subfield>
  </datafield>
</record>
</collection>
